<record><leader>00000cas a22000007a 4500</leader><controlfield tag="001">36306288</controlfield><controlfield tag="008">970131d19041905okudn n       0    0eng d</controlfield><datafield ind1=" " ind2=" " tag="010"><subfield code="a">sn 97064761 </subfield></datafield><datafield ind1=" " ind2=" " tag="040"><subfield code="a">OBN</subfield><subfield code="b">eng</subfield><subfield code="c">OBN</subfield><subfield code="d">OCLCQ</subfield><subfield code="d">OCLCF</subfield><subfield code="d">OCLCO</subfield></datafield><datafield ind1="1" ind2=" " tag="029"><subfield code="a">AU@</subfield><subfield code="b">000013092798</subfield></datafield><datafield ind1=" " ind2=" " tag="042"><subfield code="a">msc</subfield></datafield><datafield ind1=" " ind2=" " tag="043"><subfield code="a">n-us-ok</subfield></datafield><datafield ind1="0" ind2=" " tag="130"><subfield code="a">El Reno daily globe (El Reno, Okla. : 1904)</subfield></datafield><datafield ind1="1" ind2="0" tag="245"><subfield code="a">El Reno daily globe.</subfield></datafield><datafield ind1="3" ind2=" " tag="246"><subfield code="a">El Reno daily globe and El Reno evening bell</subfield></datafield><datafield ind1=" " ind2=" " tag="260"><subfield code="a">El Reno, Okla. :</subfield><subfield code="b">Tadlock &amp; Humphreys</subfield></datafield><datafield ind1=" " ind2=" " tag="300"><subfield code="a">v.</subfield></datafield><datafield ind1=" " ind2=" " tag="310"><subfield code="a">Daily (except Sun.)</subfield></datafield><datafield ind1="0" ind2=" " tag="362"><subfield code="a">Vol. 9, no. 145 (Feb. 12, 1904)-v. 12, no. 92 (Dec. 8, 1905).</subfield></datafield><datafield ind1=" " ind2="0" tag="651"><subfield code="a">El Reno (Okla.)</subfield><subfield code="v">Newspapers.</subfield></datafield><datafield ind1=" " ind2="0" tag="651"><subfield code="a">Canadian County (Okla.)</subfield><subfield code="v">Newspapers.</subfield></datafield><datafield ind1=" " ind2="7" tag="655"><subfield code="a">Newspapers.</subfield><subfield code="2">fast</subfield><subfield code="0">(OCoLC)fst01423814</subfield></datafield><datafield ind1=" " ind2="7" tag="651"><subfield code="a">Oklahoma</subfield><subfield code="z">Canadian County.</subfield><subfield code="2">fast</subfield><subfield code="0">(OCoLC)fst01210513</subfield></datafield><datafield ind1=" " ind2="7" tag="651"><subfield code="a">Oklahoma</subfield><subfield code="z">El Reno.</subfield><subfield code="2">fast</subfield><subfield code="0">(OCoLC)fst01220925</subfield></datafield><datafield ind1=" " ind2=" " tag="752"><subfield code="a">United States</subfield><subfield code="b">Oklahoma</subfield><subfield code="c">Canadian</subfield><subfield code="d">El Reno.</subfield></datafield><datafield ind1="0" ind2="0" tag="780"><subfield code="t">Reno daily globe and El Reno evening bell</subfield><subfield code="w">(DLC)sn 97064760</subfield><subfield code="w">(OCoLC)36306247</subfield></datafield></record>